@article{Ghiassian2015AInteractome,
    title = {{A DIseAse MOdule Detection (DIAMOnD) Algorithm Derived from a Systematic Analysis of Connectivity Patterns of Disease Proteins in the Human Interactome}},
    year = {2015},
    journal = {PLoS Computational Biology},
    author = {Ghiassian, Susan Dina and Menche, Jörg and Barab{\'{a}}si, Albert László},
    number = {4},
    volume = {11},
    doi = {10.1371/journal.pcbi.1004120},
    issn = {15537358}
}

@misc{Fearon1990ATumorigenesis,
    title = {{A genetic model for colorectal tumorigenesis}},
    year = {1990},
    booktitle = {Cell},
    author = {Fearon, Eric R. and Vogelstein, Bert},
    number = {5},
    volume = {61},
    doi = {10.1016/0092-8674(90)90186-I},
    issn = {00928674}
}

@misc{Fearon1990ATumorigenesisb,
    title = {{A genetic model for colorectal tumorigenesis}},
    year = {1990},
    booktitle = {Cell},
    author = {Fearon, Eric R. and Vogelstein, Bert},
    number = {5},
    volume = {61},
    doi = {10.1016/0092-8674(90)90186-I},
    issn = {00928674}
}

@article{Lefebvre2010ACenters,
    title = {{A human B-cell interactome identifies MYB and FOXM1 as master regulators of proliferation in germinal centers}},
    year = {2010},
    journal = {Molecular Systems Biology},
    author = {Lefebvre, Celine and Rajbhandari, Presha and Alvarez, Mariano J. and Bandaru, Pradeep and Lim, Wei Keat and Sato, Mai and Wang, Kai and Sumazin, Pavel and Kustagi, Manjunath and Bisikirska, Brygida C. and Basso, Katia and Beltrao, Pedro and Krogan, Nevan and Gautier, Jean and Dalla-Favera, Riccardo and Califano, Andrea},
    volume = {6},
    doi = {10.1038/msb.2010.31},
    issn = {17444292}
}

@article{Lefebvre2010ACentersb,
    title = {{A human B-cell interactome identifies MYB and FOXM1 as master regulators of proliferation in germinal centers}},
    year = {2010},
    journal = {Molecular Systems Biology},
    author = {Lefebvre, Celine and Rajbhandari, Presha and Alvarez, Mariano J. and Bandaru, Pradeep and Lim, Wei Keat and Sato, Mai and Wang, Kai and Sumazin, Pavel and Kustagi, Manjunath and Bisikirska, Brygida C. and Basso, Katia and Beltrao, Pedro and Krogan, Nevan and Gautier, Jean and Dalla-Favera, Riccardo and Califano, Andrea},
    volume = {6},
    doi = {10.1038/msb.2010.31},
    issn = {17444292}
}

@article{Attolini2010ACancer,
    title = {{A mathematical framework to determine the temporal sequence of somatic genetic events in cancer}},
    year = {2010},
    journal = {Proceedings of the National Academy of Sciences of the United States of America},
    author = {Attolini, Camille Stephan Otto and Cheng, Yu Kang and Beroukhim, Rameen and Getz, Gad and Abdel-Wahab, Omar and Levine, Ross L. and Mellinghoff, Ingo K. and Michor, Franziska},
    number = {41},
    volume = {107},
    doi = {10.1073/pnas.1009117107},
    issn = {00278424}
}

@article{Cheng2012AGliomagenesis,
    title = {{A mathematical methodology for determining the temporal order of pathway alterations arising during gliomagenesis}},
    year = {2012},
    journal = {PLoS Computational Biology},
    author = {Cheng, Yu Kang and Beroukhim, Rameen and Levine, Ross L. and Mellinghoff, Ingo K. and Holland, Eric C. and Michor, Franziska},
    number = {1},
    volume = {8},
    doi = {10.1371/journal.pcbi.1002337},
    issn = {1553734X}
}

@article{Subramanian2017AProfiles,
    title = {{A Next Generation Connectivity Map: L1000 Platform and the First 1,000,000 Profiles}},
    year = {2017},
    journal = {Cell},
    author = {Subramanian, Aravind and Narayan, Rajiv and Corsello, Steven M. and Peck, David D. and Natoli, Ted E. and Lu, Xiaodong and Gould, Joshua and Davis, John F. and Tubelli, Andrew A. and Asiedu, Jacob K. and Lahr, David L. and Hirschman, Jodi E. and Liu, Zihan and Donahue, Melanie and Julian, Bina and Khan, Mariya and Wadden, David and Smith, Ian C. and Lam, Daniel and Liberzon, Arthur and Toder, Courtney and Bagul, Mukta and Orzechowski, Marek and Enache, Oana M. and Piccioni, Federica and Johnson, Sarah A. and Lyons, Nicholas J. and Berger, Alice H. and Shamji, Alykhan F. and Brooks, Angela N. and Vrcic, Anita and Flynn, Corey and Rosains, Jacqueline and Takeda, David Y. and Hu, Roger and Davison, Desiree and Lamb, Justin and Ardlie, Kristin and Hogstrom, Larson and Greenside, Peyton and Gray, Nathanael S. and Clemons, Paul A. and Silver, Serena and Wu, Xiaoyun and Zhao, Wen Ning and Read-Button, Willis and Wu, Xiaohua and Haggarty, Stephen J. and Ronco, Lucienne V. and Boehm, Jesse S. and Schreiber, Stuart L. and Doench, John G. and Bittker, Joshua A. and Root, David E. and Wong, Bang and Golub, Todd R.},
    number = {6},
    volume = {171},
    doi = {10.1016/j.cell.2017.10.049},
    issn = {10974172}
}

@misc{Saeys2007ABioinformatics,
    title = {{A review of feature selection techniques in bioinformatics}},
    year = {2007},
    booktitle = {Bioinformatics},
    author = {Saeys, Yvan and Inza, Iñaki and Larra{\~{n}}aga, Pedro},
    doi = {10.1093/bioinformatics/btm344},
    issn = {13674803},
    pmid = {17720704}
}

@article{Herbet2012AcquisitionPhenotypes,
    title = {{Acquisition order of Ras and p53 gene alterations defines distinct adrenocortical tumor phenotypes}},
    year = {2012},
    journal = {PLoS Genetics},
    author = {Herbet, Maryline and Salomon, Aude and Feige, Jean Jacques and Thomas, Michaël},
    number = {5},
    volume = {8},
    doi = {10.1371/journal.pgen.1002700},
    issn = {15537390}
}

@article{Herbet2012AcquisitionPhenotypesb,
    title = {{Acquisition order of Ras and p53 gene alterations defines distinct adrenocortical tumor phenotypes}},
    year = {2012},
    journal = {PLoS Genetics},
    author = {Herbet, Maryline and Salomon, Aude and Feige, Jean Jacques and Thomas, Michaël},
    number = {5},
    volume = {8},
    doi = {10.1371/journal.pgen.1002700},
    issn = {15537390}
}

@book{Bellman2015AdaptiveTour,
    title = {{Adaptive control processes: a guided tour}},
    year = {2015},
    author = {Bellman, Richard E},
    publisher = {Princeton university press}
}

@article{Phillips2016AnCigarettes,
    title = {{An 8-month systems toxicology inhalation/cessation study in Apoe-/- mice to investigate cardiovascular and respiratory exposure effects of a candidate modified risk tobacco product, THS 2.2, compared with conventional cigarettes}},
    year = {2016},
    journal = {Toxicological Sciences},
    author = {Phillips, Blaine and Veljkovic, Emilija and Bou{\'{e}}, Stéphanie and Schlage, Walter K. and Vuillaume, Gregory and Martin, Florian and Titz, Bjoern and Leroy, Patrice and Buettner, Ansgar and Elamin, Ashraf and Oviedo, Alberto and Cabanski, Maciej and De Le{\'{o}}n, Héctor and Guedj, Emmanuel and Schneider, Thomas and Talikka, Marja and Ivanov, Nikolai V. and Vanscheeuwijck, Patrick and Peitsch, Manuel C. and Hoeng, Julia},
    number = {2},
    volume = {149},
    doi = {10.1093/toxsci/kfv243},
    issn = {10960929}
}

@misc{Melo2013CancerView,
    title = {{Cancer heterogeneity - A multifaceted view}},
    year = {2013},
    booktitle = {EMBO Reports},
    author = {Melo, Felipe De Sousa E. and Vermeulen, Louis and Fessler, Evelyn and Medema, Jan Paul},
    number = {8},
    volume = {14},
    doi = {10.1038/embor.2013.92},
    issn = {1469221X}
}

@article{Mavaddat2013CancerEMBRACE,
    title = {{Cancer risks for BRCA1 and BRCA2 mutation carriers: Results from prospective analysis of EMBRACE}},
    year = {2013},
    journal = {Journal of the National Cancer Institute},
    author = {Mavaddat, Nasim and Peock, Susan and Frost, Debra and Ellis, Steve and Platte, Radka and Fineberg, Elena and Evans, D. Gareth and Izatt, Louise and Eeles, Rosalind A. and Adlard, Julian and Davidson, Rosemarie and Eccles, Diana and Cole, Trevor and Cook, Jackie and Brewer, Carole and Tischkowitz, Marc and Douglas, Fiona and Hodgson, Shirley and Walker, Lisa and Porteous, Mary E. and Morrison, Patrick J. and Side, Lucy E. and Kennedy, M. John and Houghton, Catherine and Donaldson, Alan and Rogers, Mark T. and Dorkins, Huw and Miedzybrodzka, Zosia and Gregory, Helen and Eason, Jacqueline and Barwell, Julian and McCann, Emma and Murray, Alex and Antoniou, Antonis C. and Easton, Douglas F.},
    number = {11},
    month = {6},
    pages = {812--822},
    volume = {105},
    doi = {10.1093/jnci/djt095},
    issn = {00278874},
    pmid = {23628597}
}

@article{Jaeger2014CausalCancer,
    title = {{Causal network models for predicting compound targets and driving pathways in cancer}},
    year = {2014},
    journal = {Journal of Biomolecular Screening},
    author = {Jaeger, Savina and Min, Junxia and Nigsch, Florian and Camargo, Miguel and Hutz, Janna and Cornett, Allen and Cleaver, Stephen and Buckler, Alan and Jenkins, Jeremy L.},
    number = {5},
    volume = {19},
    doi = {10.1177/1087057114522690},
    issn = {1552454X}
}

@article{Margolin2009ChIP-on-chipOncogenes,
    title = {{ChIP-on-chip significance analysis reveals large-scale binding and regulation by human transcription factor oncogenes}},
    year = {2009},
    journal = {Proceedings of the National Academy of Sciences of the United States of America},
    author = {Margolin, Adam A. and Palomero, Teresa and Sumazin, Pavel and Califano, Andrea and Ferrando, Adolfo A. and Stolovitzky, Gustavo},
    number = {1},
    volume = {106},
    doi = {10.1073/pnas.0806445106},
    issn = {00278424}
}

@article{Fearon1987ClonalTumors,
    title = {{Clonal analysis of human colorectal tumors}},
    year = {1987},
    journal = {Science},
    author = {Fearon, Eric R. and Hamilton, Stanley R. and Vogelstein, Bert},
    number = {4824},
    volume = {238},
    doi = {10.1126/science.2889267},
    issn = {00368075}
}

@inproceedings{Auffarth2010ComparisonImages,
    title = {{Comparison of redundancy and relevance measures for feature selection in tissue classification of CT images}},
    year = {2010},
    booktitle = {Lecture Notes in Computer Science (including subseries Lecture Notes in Artificial Intelligence and Lecture Notes in Bioinformatics)},
    author = {Auffarth, Benjamin and L{\'{o}}pez, Maite and Cerquides, Jesús},
    isbn = {3642143997},
    doi = {10.1007/978-3-642-14400-4{\_}20},
    issn = {03029743},
    keywords = {distributional similarity, divergence measure, feature selection, relevance and redundancy}
}

@article{Panigrahi2013ComputationalDiseases,
    title = {{Computational studies on Alzheimer's disease associated pathways and regulatory patterns using microarray gene expression and network data: Revealed association with aging and other diseases}},
    year = {2013},
    journal = {Journal of Theoretical Biology},
    author = {Panigrahi, Priya P. and Singh, Tiratha Raj},
    volume = {334},
    doi = {10.1016/j.jtbi.2013.06.013},
    issn = {00225193}
}

@misc{Bertoli2013ControlPhases,
    title = {{Control of cell cycle transcription during G1 and S phases}},
    year = {2013},
    booktitle = {Nature Reviews Molecular Cell Biology},
    author = {Bertoli, Cosetta and Skotheim, Jan M. and De Bruin, Robertus A.M.},
    number = {8},
    volume = {14},
    doi = {10.1038/nrm3629},
    issn = {14710072}
}

@misc{Chiodoni2019Correction10.1186/s13046-019-1122-2,
    title = {{Correction to: Cell communication and signaling: How to turn bad language into positive one (Journal of Experimental and Clinical Cancer Research DOI: 10.1186/s13046-019-1122-2)}},
    year = {2019},
    booktitle = {Journal of Experimental and Clinical Cancer Research},
    author = {Chiodoni, Claudia and Di Martino, Maria Teresa and Zazzeroni, Francesca and Caraglia, Michele and Donadelli, Massimo and Meschini, Stefania and Leonetti, Carlo and Scotlandi, Katia},
    number = {1},
    volume = {38},
    doi = {10.1186/s13046-019-1431-5},
    issn = {17569966}
}

@article{Ulitsky2010DEGAS:Diseases,
    title = {{DEGAS: De novo discovery of dysregulated pathways in human diseases}},
    year = {2010},
    journal = {PLoS ONE},
    author = {Ulitsky, Igor and Krishnamurthy, Akshay and Karp, Richard M. and Shamir, Ron},
    number = {10},
    volume = {5},
    doi = {10.1371/journal.pone.0013367},
    issn = {19326203}
}

@article{Desper2001Distance-basedOncogenesis,
    title = {{Distance-based reconstruction of tree models for oncogenesis}},
    year = {2001},
    journal = {Journal of Computational Biology},
    author = {Desper, R. and Jiang, F. and Kallioniemi, O. P. and Moch, H. and Papadimitriou, C. H. and Sch{\"{a}}ffer, A. A.},
    number = {6},
    volume = {7},
    doi = {10.1089/10665270050514936},
    issn = {10665277}
}

@article{Ortmann2015EffectNeoplasms,
    title = {{Effect of mutation order on myeloproliferative neoplasms}},
    year = {2015},
    journal = {New England Journal of Medicine},
    author = {Ortmann, Christina A. and Kent, David G. and Nangalia, Jyoti and Silber, Yvonne and Wedge, David C. and Grinfeld, Jacob and Baxter, E. Joanna and Massie, Charles E. and Papaemmanuil, Elli and Menon, Suraj and Godfrey, Anna L. and Dimitropoulou, Danai and Guglielmelli, Paola and Bellosillo, Beatriz and Besses, Carles and D{\"{o}}hner, Konstanze and Harrison, Claire N. and Vassiliou, George S. and Vannucchi, Alessandro and Campbell, Peter J. and Green, Anthony R.},
    number = {7},
    volume = {372},
    doi = {10.1056/NEJMoa1412098},
    issn = {15334406}
}

@article{BenBrahim2017EnsembleStudy,
    title = {{Ensemble feature selection for high dimensional data: a new method and a comparative study}},
    year = {2017},
    journal = {Advances in Data Analysis and Classification},
    author = {Ben Brahim, Afef and Limam, Mohamed},
    doi = {10.1007/s11634-017-0285-y},
    issn = {18625355},
    keywords = {Classification, Ensemble methods, Feature selection, High dimensionality, Stability}
}

@article{Pes2020EnsembleDomains,
    title = {{Ensemble feature selection for high-dimensional data: a stability analysis across multiple domains}},
    year = {2020},
    journal = {Neural Computing and Applications},
    author = {Pes, Barbara},
    number = {10},
    volume = {32},
    doi = {10.1007/s00521-019-04082-3},
    issn = {14333058}
}

@article{Bolon-Canedo2019EnsemblesTrends,
    title = {{Ensembles for feature selection: A review and future trends}},
    year = {2019},
    journal = {Information Fusion},
    author = {Bol{\'{o}}n-Canedo, Verónica and Alonso-Betanzos, Amparo},
    volume = {52},
    doi = {10.1016/j.inffus.2018.11.008},
    issn = {15662535}
}

@article{Bolon-Canedo2019EnsemblesTrendsb,
    title = {{Ensembles for feature selection: A review and future trends}},
    year = {2019},
    journal = {Information Fusion},
    author = {Bol{\'{o}}n-Canedo, Verónica and Alonso-Betanzos, Amparo},
    doi = {10.1016/j.inffus.2018.11.008},
    issn = {15662535},
    keywords = {Ensemble learning, Feature selection}
}

@article{Jung2007EnvironmentalGenome,
    title = {{Environmental effects on gene expression phenotype have regional biases in the human genome}},
    year = {2007},
    journal = {Genetics},
    author = {Jung, Kyoon Choi and Sang, Cheol Kim},
    number = {4},
    volume = {175},
    doi = {10.1534/genetics.106.069047},
    issn = {00166731}
}

@article{Rahnenfuhrer2005EstimatingScores,
    title = {{Estimating cancer survival and clinical outcome based on genetic tumor progression scores}},
    year = {2005},
    journal = {Bioinformatics},
    author = {Rahnenf{\"{u}}hrer, Jörg and Beerenwinkel, Niko and Schulz, Wolfgang A. and Hartmann, Christian and von Deimling, Andreas and Wullich, Bernd and Lengauer, Thomas},
    number = {10},
    volume = {21},
    doi = {10.1093/bioinformatics/bti312},
    issn = {13674803}
}

@book{Grande2020EverybodyInclusion,
    title = {{Everybody Rock Your Equity: Experiences of Organizing a Women in Computing Event with Role Models for Diversity and Inclusion}},
    year = {2020},
    booktitle = {IFIP Advances in Information and Communication Technology},
    author = {Grande, V. and Benac Earle, C. and Manresa-Yee, C. and G{\'{o}}mez-Mart{\'{i}}nez, E. and Castro, L.M. and Pons, P. and Corob{\'{a}}n, R.},
    number = {},
    volume = {573 AICT},
    isbn = {9783030396336},
    doi = {10.1007/978-3-030-39634-3{\_}1},
    issn = {1868422X},
    keywords = {Events, Gender, Role models}
}

@misc{Yates2012EvolutionGenome,
    title = {{Evolution of the cancer genome}},
    year = {2012},
    booktitle = {Nature Reviews Genetics},
    author = {Yates, Lucy R. and Campbell, Peter J.},
    number = {11},
    volume = {13},
    doi = {10.1038/nrg3317},
    issn = {14710056}
}

@article{Blondel2008FastNetworks,
    title = {{Fast unfolding of communities in large networks}},
    year = {2008},
    journal = {Journal of Statistical Mechanics: Theory and Experiment},
    author = {Blondel, Vincent D. and Guillaume, Jean Loup and Lambiotte, Renaud and Lefebvre, Etienne},
    doi = {10.1088/1742-5468/2008/10/P10008},
    issn = {17425468},
    arxivId = {0803.0476},
    keywords = {Networks, New applications of statistical mechanics, Random graphs}
}

@article{Peng2005FeatureMin-Redundancy,
    title = {{Feature selection based on mutual information: Criteria of Max-Dependency, Max-Relevance, and Min-Redundancy}},
    year = {2005},
    journal = {IEEE Transactions on Pattern Analysis and Machine Intelligence},
    author = {Peng, Hanchuan and Long, Fuhui and Ding, Chris},
    doi = {10.1109/TPAMI.2005.159},
    issn = {01628828},
    keywords = {Classification, Feature selection, Maximal dependency, Maximal relevance, Minimal redundancy, Mutual information}
}

@article{Subramanian2005GeneProfiles,
    title = {{Gene set enrichment analysis: A knowledge-based approach for interpreting genome-wide expression profiles}},
    year = {2005},
    journal = {Proceedings of the National Academy of Sciences of the United States of America},
    author = {Subramanian, Aravind and Tamayo, Pablo and Mootha, Vamsi K. and Mukherjee, Sayan and Ebert, Benjamin L. and Gillette, Michael A. and Paulovich, Amanda and Pomeroy, Scott L. and Golub, Todd R. and Lander, Eric S. and Mesirov, Jill P.},
    number = {43},
    volume = {102},
    doi = {10.1073/pnas.0506580102},
    issn = {00278424}
}

@misc{Turnbull2008GeneticFuture,
    title = {{Genetic predisposition to breast cancer: Past, present, and future}},
    year = {2008},
    booktitle = {Annual Review of Genomics and Human Genetics},
    author = {Turnbull, Clare and Rahman, Nazneen},
    pages = {321--345},
    volume = {9},
    doi = {10.1146/annurev.genom.9.081307.164339},
    issn = {15278204},
    keywords = {Allele, BRCA*, Familial, Penetrance, Susceptibility}
}

@misc{DeLaChapelle2004GeneticCancer,
    title = {{Genetic predisposition to colorectal cancer}},
    year = {2004},
    booktitle = {Nature Reviews Cancer},
    author = {De La Chapelle, Albert},
    number = {10},
    volume = {4},
    doi = {10.1038/nrc1453},
    issn = {1474175X}
}

@article{Foulkes2003GermlineCancer,
    title = {{Germline BRCA1 mutations and a basal epithelial phenotype in breast cancer}},
    year = {2003},
    journal = {Journal of the National Cancer Institute},
    author = {Foulkes, William D. and Stefansson, Ingunn M. and Chappuis, Pierre O. and B{\'{e}}gin, Louis R. and Goffin, John R. and Wong, Nora and Trudel, Michel and Akslen, Lars A.},
    number = {19},
    month = {10},
    pages = {1482--1485},
    volume = {95},
    publisher = {Oxford University Press},
    doi = {10.1093/jnci/djg050},
    issn = {00278874},
    pmid = {14519755}
}

@misc{Hanahan2011HallmarksGeneration,
    title = {{Hallmarks of cancer: The next generation}},
    year = {2011},
    booktitle = {Cell},
    author = {Hanahan, Douglas and Weinberg, Robert A.},
    number = {5},
    volume = {144},
    doi = {10.1016/j.cell.2011.02.013},
    issn = {00928674}
}

@article{Wong2014InactivatingTumorigenesis,
    title = {{Inactivating CUX1 mutations promote tumorigenesis}},
    year = {2014},
    journal = {Nature Genetics},
    author = {Wong, Chi C. and Martincorena, Inigo and Rust, Alistair G. and Rashid, Mamunur and Alifrangis, Constantine and Alexandrov, Ludmil B. and Tiffen, Jessamy C. and Kober, Christina and Green, Anthony R. and Massie, Charles E. and Nangalia, Jyoti and Lempidaki, Stella and D{\"{o}}hner, Hartmut and D{\"{o}}hner, Konstanze and Bray, Sarah J. and McDermott, Ultan and Papaemmanuil, Elli and Campbell, Peter J. and Adams, David J.},
    number = {1},
    volume = {46},
    doi = {10.1038/ng.2846},
    issn = {15461718}
}

@article{Desper1999InferringData,
    title = {{Inferring tree models for oncogenesis from comparative genome hybridization data}},
    year = {1999},
    journal = {Journal of Computational Biology},
    author = {Desper, Richard and Jiang, Feng and Kallioniemi, Olli P. and Moch, Holger and Papadimitriou, Christos H. and Sch{\"{a}}ffer, Alejandro A.},
    number = {1},
    volume = {6},
    doi = {10.1089/cmb.1999.6.37},
    issn = {10665277}
}

@article{Kong2014IntegratingDisease,
    title = {{Integrating gene expression and protein interaction data for signaling pathway prediction of Alzheimer's disease}},
    year = {2014},
    journal = {Computational and Mathematical Methods in Medicine},
    author = {Kong, Wei and Zhang, Jingmao and Mou, Xiaoyang and Yang, Yang},
    volume = {2014},
    doi = {10.1155/2014/340758},
    issn = {17486718}
}

@misc{Levine2007JAK-2Disease,
    title = {{JAK-2 mutations and their relevance to myeloproliferative disease}},
    year = {2007},
    booktitle = {Current Opinion in Hematology},
    author = {Levine, Ross L. and Gilliland, D. Gary},
    number = {1},
    volume = {14},
    doi = {10.1097/00062752-200701000-00009},
    issn = {15317048}
}

@misc{Kinzler1996LessonsCancer,
    title = {{Lessons from hereditary colorectal cancer}},
    year = {1996},
    booktitle = {Cell},
    author = {Kinzler, Kenneth W. and Vogelstein, Bert},
    number = {2},
    volume = {87},
    doi = {10.1016/S0092-8674(00)81333-1},
    issn = {00928674}
}

@article{Gao2016LossTherapy,
    title = {{Loss of IFN-{$\gamma$} Pathway Genes in Tumor Cells as a Mechanism of Resistance to Anti-CTLA-4 Therapy}},
    year = {2016},
    journal = {Cell},
    author = {Gao, Jianjun and Shi, Lewis Zhichang and Zhao, Hao and Chen, Jianfeng and Xiong, Liangwen and He, Qiuming and Chen, Tenghui and Roszik, Jason and Bernatchez, Chantale and Woodman, Scott E. and Chen, Pei Ling and Hwu, Patrick and Allison, James P. and Futreal, Andrew and Wargo, Jennifer A. and Sharma, Padmanee},
    number = {2},
    volume = {167},
    doi = {10.1016/j.cell.2016.08.069},
    issn = {10974172}
}

@misc{Turajlic2016MetastasisProcess,
    title = {{Metastasis as an evolutionary process}},
    year = {2016},
    booktitle = {Science},
    author = {Turajlic, Samra and Swanton, Charles},
    number = {6282},
    volume = {352},
    doi = {10.1126/science.aaf2784},
    issn = {10959203}
}

@article{Ascolani2019ModelingMatter,
    title = {{Modeling breast cancer progression to bone: How driver mutation order and metabolism matter}},
    year = {2019},
    journal = {BMC Medical Genomics},
    author = {Ascolani, Gianluca and Li{\`{o}}, Pietro},
    volume = {12},
    doi = {10.1186/s12920-019-0541-4},
    issn = {17558794}
}

@article{Spencer2006ModelingTumorigenesis,
    title = {{Modeling somatic evolution in tumorigenesis}},
    year = {2006},
    journal = {PLoS Computational Biology},
    author = {Spencer, Sabrina L. and Gerety, Ryan A. and Pienta, Kenneth J. and Forrest, Stephanie},
    number = {8},
    volume = {2},
    doi = {10.1371/journal.pcbi.0020108},
    issn = {1553734X}
}

@article{Beerenwinkel2005Mtreemix:Trees,
    title = {{Mtreemix: A software package for learning and using mixture models of mutagenetic trees}},
    year = {2005},
    journal = {Bioinformatics},
    author = {Beerenwinkel, Niko and Rahnenf{\"{u}}hrer, Jörg and Kaiser, Rolf and Hoffman, Daniel and Selbig, Joachim and Lengauer, Thomas},
    number = {9},
    volume = {21},
    doi = {10.1093/bioinformatics/bti274},
    issn = {13674803}
}

@article{Titz2020Multi-omicsSmoke,
    title = {{Multi-omics systems toxicology study of mouse lung assessing the effects of aerosols from two heat-not-burn tobacco products and cigarette smoke}},
    year = {2020},
    journal = {Computational and Structural Biotechnology Journal},
    author = {Titz, Bjoern and Szostak, Justyna and Sewer, Alain and Phillips, Blaine and Nury, Catherine and Schneider, Thomas and Dijon, Sophie and Lavrynenko, Oksana and Elamin, Ashraf and Guedj, Emmanuel and Tsin Wong, Ee and Lebrun, Stefan and Vuillaume, Grégory and Kondylis, Athanasios and Gubian, Sylvain and Cano, Stephane and Leroy, Patrice and Keppler, Brian and Ivanov, Nikolai V and Vanscheeuwijck, Patrick and Martin, Florian and Peitsch, Manuel C and Hoeng, Julia},
    pages = {1056--1073},
    volume = {18},
    url = {http://www.sciencedirect.com/science/article/pii/S2001037019305707},
    doi = {https://doi.org/10.1016/j.csbj.2020.04.011},
    issn = {2001-0370},
    keywords = {Cigarette smoking, Inhalation toxicology, Modified risk tobacco product (MRTP), Multi-omics, Systems toxicology}
}

@article{Delhommeau2009MutationCancers,
    title = {{Mutation in TET2 in myeloid cancers}},
    year = {2009},
    journal = {New England Journal of Medicine},
    author = {Delhommeau, François and Dupont, Sabrina and Della Valle, Véronique and James, Chloé and Trannoy, Severine and Mass{\'{e}}, Aline and Kosmider, Olivier and Le Couedic, Jean Pierre and Robert, Fabienne and Alberdi, Antonio and L{\'{e}}cluse, Yann and Plo, Isabelle and Dreyfus, François J. and Marzac, Christophe and Casadevall, Nicole and Lacombe, Catherine and Romana, Serge P. and Dessen, Philippe and Soulier, Jean and Vigui{\'{e}}, Franck and Fontenay, Michaela and Vainchenker, William and Bernard, Olivier A.},
    number = {22},
    volume = {360},
    doi = {10.1056/NEJMoa0810069},
    issn = {15334406}
}

@article{Zaretsky2016MutationsMelanoma,
    title = {{Mutations associated with acquired resistance to PD-1 blockade in melanoma}},
    year = {2016},
    journal = {New England Journal of Medicine},
    author = {Zaretsky, Jesse M. and Garcia-Diaz, Angel and Shin, Daniel S. and Escuin-Ordinas, Helena and Hugo, Willy and Hu-Lieskovan, Siwen and Torrejon, Davis Y. and Abril-Rodriguez, Gabriel and Sandoval, Salemiz and Barthly, Lucas and Saco, Justin and Moreno, Blanca Homet and Mezzadra, Riccardo and Chmielowski, Bartosz and Ruchalski, Kathleen and Shintaku, I. Peter and Sanchez, Phillip J. and Puig-Saus, Cristina and Cherry, Grace and Seja, Elizabeth and Kong, Xiangju and Pang, Jia and Berent-Maoz, Beata and Comin-Anduix, Begona and Graeber, Thomas G. and Tumeh, Paul C. and Schumacher, Ton N.M. and Lo, Roger S. and Ribas, Antoni},
    number = {9},
    volume = {375},
    doi = {10.1056/NEJMoa1604958},
    issn = {15334406}
}

@article{Yan2017NetworkData,
    title = {{Network approaches to systems biology analysis of complex disease: Integrative methods for multi-omics data}},
    year = {2017},
    journal = {Briefings in Bioinformatics},
    author = {Yan, Jingwen and Risacher, Shannon L. and Shen, Li and Saykin, Andrew J.},
    number = {6},
    volume = {19},
    doi = {10.1093/bib/bbx066},
    issn = {14774054}
}

@article{Gwinner2017Network-basedMethod,
    title = {{Network-based analysis of omics data: The LEAN method}},
    year = {2017},
    journal = {Bioinformatics},
    author = {Gwinner, Frederik and Boulday, Gwénola and Vandiedonck, Claire and Arnould, Minh and Cardoso, Cécile and Nikolayeva, Iryna and Guitart-Pla, Oriol and Denis, Cécile V. and Christophe, Olivier D. and Beghain, Johann and Tournier-Lasserve, Elisabeth and Schwikowski, Benno},
    number = {5},
    volume = {33},
    doi = {10.1093/bioinformatics/btw676},
    issn = {14602059}
}

@article{Dimitrakopoulos2018Network-basedGenes,
    title = {{Network-based integration of multi-omics data for prioritizing cancer genes}},
    year = {2018},
    journal = {Bioinformatics},
    author = {Dimitrakopoulos, Christos and Hindupur, Sravanth Kumar and Hafliger, Luca and Behr, Jonas and Montazeri, Hesam and Hall, Michael N. and Beerenwinkel, Niko},
    number = {14},
    volume = {34},
    doi = {10.1093/bioinformatics/bty148},
    issn = {14602059}
}

@article{Hjelm2006NewOncogenesis,
    title = {{New probabilistic network models and algorithms for oncogenesis}},
    year = {2006},
    journal = {Journal of Computational Biology},
    author = {Hjelm, Marcus and H{\"{o}}glund, Mattias and Lagergren, Jens},
    number = {4},
    volume = {13},
    doi = {10.1089/cmb.2006.13.853},
    issn = {10665277}
}

@article{Kent2017OrderEvolution,
    title = {{Order matters: The order of somatic mutations influences cancer evolution}},
    year = {2017},
    journal = {Cold Spring Harbor Perspectives in Medicine},
    author = {Kent, David G. and Green, Anthony R.},
    number = {4},
    volume = {7},
    doi = {10.1101/cshperspect.a027060},
    issn = {21571422}
}

@article{Faust2010PathwayExtraction,
    title = {{Pathway discovery in metabolic networks by subgraph extraction}},
    year = {2010},
    journal = {Bioinformatics},
    author = {Faust, Karoline and Dupont, Pierre and Callut, Jérôme and van Helden, Jacques},
    number = {9},
    volume = {26},
    doi = {10.1093/bioinformatics/btq105},
    issn = {13674803}
}

@misc{Rifai2006ProteinUtility,
    title = {{Protein biomarker discovery and validation: The long and uncertain path to clinical utility}},
    year = {2006},
    booktitle = {Nature Biotechnology},
    author = {Rifai, Nader and Gillette, Michael A. and Carr, Steven A.},
    number = {8},
    volume = {24},
    doi = {10.1038/nbt1235},
    issn = {10870156}
}

@article{Gerstung2009QuantifyingNetworks,
    title = {{Quantifying cancer progression with conjunctive Bayesian networks}},
    year = {2009},
    journal = {Bioinformatics},
    author = {Gerstung, Moritz and Baudis, Michael and Moch, Holger and Beerenwinkel, Niko},
    number = {21},
    volume = {25},
    doi = {10.1093/bioinformatics/btp505},
    issn = {13674803}
}

@article{Abeel2009RobustMethods,
    title = {{Robust biomarker identification for cancer diagnosis with ensemble feature selection methods}},
    year = {2009},
    journal = {Bioinformatics},
    author = {Abeel, Thomas and Helleputte, Thibault and Van de Peer, Yves and Dupont, Pierre and Saeys, Yvan},
    doi = {10.1093/bioinformatics/btp630},
    issn = {14602059}
}

@inproceedings{Aguse2019SummarizingTrees,
    title = {{Summarizing the solution space in tumor phylogeny inference by multiple consensus trees}},
    year = {2019},
    booktitle = {Bioinformatics},
    author = {Aguse, Nuraini and Qi, Yuanyuan and El-Kebir, Mohammed},
    number = {14},
    volume = {35},
    doi = {10.1093/bioinformatics/btz312},
    issn = {14602059}
}

@article{Sturla2014SystemsAssessment,
    title = {{Systems toxicology: From basic research to risk assessment}},
    year = {2014},
    journal = {Chemical Research in Toxicology},
    author = {Sturla, Shana J. and Boobis, Alan R. and Fitzgerald, Rex E. and Hoeng, Julia and Kavlock, Robert J. and Schirmer, Kristin and Whelan, Maurice and Wilks, Martin F. and Peitsch, Manuel C.},
    number = {3},
    volume = {27},
    doi = {10.1021/tx400410s},
    issn = {15205010}
}

@article{LoSasso2016TheReduction,
    title = {{The Apoe-/- mouse model: A suitable model to study cardiovascular and respiratory diseases in the context of cigarette smoke exposure and harm reduction}},
    year = {2016},
    journal = {Journal of Translational Medicine},
    author = {Lo Sasso, Giuseppe and Schlage, Walter K. and Bou{\'{e}}, Stéphanie and Veljkovic, Emilija and Peitsch, Manuel C. and Hoeng, Julia},
    number = {1},
    volume = {14},
    doi = {10.1186/s12967-016-0901-1},
    issn = {14795876}
}

@article{LoSasso2016TheReductionb,
    title = {{The Apoe-/- mouse model: A suitable model to study cardiovascular and respiratory diseases in the context of cigarette smoke exposure and harm reduction}},
    year = {2016},
    journal = {Journal of Translational Medicine},
    author = {Lo Sasso, Giuseppe and Schlage, Walter K. and Bou{\'{e}}, Stéphanie and Veljkovic, Emilija and Peitsch, Manuel C. and Hoeng, Julia},
    number = {1},
    volume = {14},
    doi = {10.1186/s12967-016-0901-1},
    issn = {14795876}
}

@misc{Kalluri2009TheTransition,
    title = {{The basics of epithelial-mesenchymal transition}},
    year = {2009},
    booktitle = {Journal of Clinical Investigation},
    author = {Kalluri, Raghu and Weinberg, Robert A.},
    number = {6},
    volume = {119},
    doi = {10.1172/JCI39104},
    issn = {00219738}
}

@misc{Stratton2009TheGenome,
    title = {{The cancer genome}},
    year = {2009},
    booktitle = {Nature},
    author = {Stratton, Michael R. and Campbell, Peter J. and Futreal, P. Andrew},
    number = {7239},
    volume = {458},
    doi = {10.1038/nature07943},
    issn = {00280836}
}

@article{Diep2006TheChanges,
    title = {{The order of genetic events associated with colorectal cancer progression inferred from meta-analysis of copy number changes}},
    year = {2006},
    journal = {Genes Chromosomes and Cancer},
    author = {Diep, Chieu B. and Kleivi, Kristine and Ribeiro, Franclim R. and Teixeira, Manuel R. and Lindgj{\ae}rde, Ole C. and Lothe, Ragnhild A.},
    number = {1},
    volume = {45},
    doi = {10.1002/gcc.20261},
    issn = {10452257}
}

@article{Du2012TheTherapeutics,
    title = {{The Rb Pathway and Cancer Therapeutics}},
    year = {2012},
    journal = {Current Drug Targets},
    author = {Du, W. and Searle, J.},
    number = {7},
    volume = {10},
    doi = {10.2174/138945009788680392},
    issn = {13894501}
}

@misc{Levine2019TheMatters,
    title = {{The Roles of Initiating Truncal Mutations in Human Cancers: The Order of Mutations and Tumor Cell Type Matters}},
    year = {2019},
    booktitle = {Cancer Cell},
    author = {Levine, Arnold J. and Jenkins, Nancy A. and Copeland, Neal G.},
    number = {1},
    volume = {35},
    doi = {10.1016/j.ccell.2018.11.009},
    issn = {18783686}
}

@article{Gerstung2011TheTumorigenesis,
    title = {{The temporal order of genetic and pathway alterations in tumorigenesis}},
    year = {2011},
    journal = {PLoS ONE},
    author = {Gerstung, Moritz and Eriksson, Nicholas and Lin, Jimmy and Vogelstein, Bert and Beerenwinkel, Niko},
    number = {10},
    volume = {6},
    doi = {10.1371/journal.pone.0027136},
    issn = {19326203}
}

@article{Gerstung2011TheTumorigenesisb,
    title = {{The temporal order of genetic and pathway alterations in tumorigenesis}},
    year = {2011},
    journal = {PLoS ONE},
    author = {Gerstung, Moritz and Eriksson, Nicholas and Lin, Jimmy and Vogelstein, Bert and Beerenwinkel, Niko},
    number = {10},
    volume = {6},
    doi = {10.1371/journal.pone.0027136},
    issn = {19326203}
}

@article{Wang2020TherapeuticTherapeutics,
    title = {{Therapeutic target database 2020: enriched resource for facilitating research and early development of targeted therapeutics}},
    year = {2020},
    journal = {Nucleic acids research},
    author = {Wang, Yunxia and Zhang, Song and Li, Fengcheng and Zhou, Ying and Zhang, Ying and Wang, Zhengwen and Zhang, Runyuan and Zhu, Jiang and Ren, Yuxiang and Tan, Ying and Qin, Chu and Li, Yinghong and Li, Xiaoxu and Chen, Yuzong and Zhu, Feng},
    doi = {10.1093/nar/gkz981},
    issn = {13624962},
    pmid = {31691823}
}

@article{Khakabimamaghani2019UncoveringDysregulation,
    title = {{Uncovering the subtype-specific temporal order of cancer pathway dysregulation}},
    year = {2019},
    journal = {PLoS Computational Biology},
    author = {Khakabimamaghani, Sahand and Ding, Dujian and Snow, Oliver and Ester, Martin},
    number = {11},
    volume = {15},
    doi = {10.1371/journal.pcbi.1007451},
    issn = {15537358}
}